% Encoding: UTF-8

@Article{Chen2016a,
  author  = {Chen, LC and Papandreou, G and Kokkinos, I and Murphy, K and Yuille, AL},
  title   = {DeepLab: Semantic Image Segmentation with Deep Convolutional Nets},
  journal = {Atrous Convolution, and Fully Connected CRFs. arXiv},
  year    = {2016},
}

@Article{Xu1998,
  author    = {Xu, Chenyang and Prince, Jerry L},
  title     = {Snakes, shapes, and gradient vector flow},
  journal   = {IEEE Transactions on image processing},
  year      = {1998},
  volume    = {7},
  number    = {3},
  pages     = {359--369},
  publisher = {IEEE},
}

@Article{Cohen1991,
  author    = {Cohen, Laurent D},
  title     = {On active contour models and balloons},
  journal   = {CVGIP: Image understanding},
  year      = {1991},
  volume    = {53},
  number    = {2},
  pages     = {211--218},
  publisher = {Elsevier},
}

@Article{Kass1988,
  author    = {Kass, Michael and Witkin, Andrew and Terzopoulos, Demetri},
  title     = {Snakes: Active contour models},
  journal   = {International journal of computer vision},
  year      = {1988},
  volume    = {1},
  number    = {4},
  pages     = {321--331},
  publisher = {Springer},
}

@Article{Lucic2005,
  author    = {Lu{\v{c}}i{\'c}, Vladan and F{\"o}rster, Friedrich and Baumeister, Wolfgang},
  title     = {Structural studies by electron tomography: from cells to molecules},
  journal   = {Annu. Rev. Biochem.},
  year      = {2005},
  volume    = {74},
  pages     = {833--865},
  publisher = {Annual Reviews},
}

@InProceedings{Chen2016,
  author    = {Chen, Hao and Qi, Xiaojuan and Yu, Lequan and Heng, Pheng-Ann},
  title     = {Dcan: Deep contour-aware networks for accurate gland segmentation},
  booktitle = {Proceedings of the IEEE conference on Computer Vision and Pattern Recognition},
  year      = {2016},
  pages     = {2487--2496},
}

@InProceedings{Cheng2017,
  author       = {Cheng, Zhou and Li, Jiancheng and Yuan, Chun},
  title        = {Gate function based structure-aware convolution for scene semantic segmentation},
  booktitle    = {Multimedia and Expo (ICME), 2017 IEEE International Conference on},
  year         = {2017},
  pages        = {253--258},
  organization = {IEEE},
}

@InProceedings{Long2015,
  author    = {Long, Jonathan and Shelhamer, Evan and Darrell, Trevor},
  title     = {Fully convolutional networks for semantic segmentation},
  booktitle = {Proceedings of the IEEE Conference on Computer Vision and Pattern Recognition},
  year      = {2015},
  pages     = {3431--3440},
}

@InProceedings{Ronneberger2015,
  author       = {Ronneberger, Olaf and Fischer, Philipp and Brox, Thomas},
  title        = {U-net: Convolutional networks for biomedical image segmentation},
  booktitle    = {International Conference on Medical Image Computing and Computer-Assisted Intervention},
  year         = {2015},
  pages        = {234--241},
  organization = {Springer},
}

@Article{Zhao2016,
  author  = {Zhao, Hengshuang and Shi, Jianping and Qi, Xiaojuan and Wang, Xiaogang and Jia, Jiaya},
  title   = {Pyramid scene parsing network},
  journal = {arXiv preprint arXiv:1612.01105},
  year    = {2016},
}

@InCollection{Hawkes2007,
  author    = {Hawkes, Peter W},
  title     = {The electron microscope as a structure projector},
  booktitle = {Electron tomography},
  publisher = {Springer},
  year      = {2007},
  pages     = {83--111},
}

@Article{Lucic2005a,
  author    = {Lu{\v{c}}i{\'c}, Vladan and F{\"o}rster, Friedrich and Baumeister, Wolfgang},
  title     = {Structural studies by electron tomography: from cells to molecules},
  journal   = {Annu. Rev. Biochem.},
  year      = {2005},
  volume    = {74},
  pages     = {833--865},
  publisher = {Annual Reviews},
}

@Article{Chen2017,
  author    = {Chen, Hao and Qi, Xiaojuan and Yu, Lequan and Dou, Qi and Qin, Jing and Heng, Pheng-Ann},
  title     = {DCAN: Deep contour-aware networks for object instance segmentation from histology images},
  journal   = {Medical image analysis},
  year      = {2017},
  volume    = {36},
  pages     = {135--146},
  publisher = {Elsevier},
}

@InProceedings{Dhungel2015,
  author       = {Dhungel, Neeraj and Carneiro, Gustavo and Bradley, Andrew P},
  title        = {Deep learning and structured prediction for the segmentation of mass in mammograms},
  booktitle    = {International Conference on Medical Image Computing and Computer-Assisted Intervention},
  year         = {2015},
  pages        = {605--612},
  organization = {Springer},
}

@InProceedings{Lieman-Sifry2017,
  author       = {Lieman-Sifry, Jesse and Le, Matthieu and Lau, Felix and Sall, Sean and Golden, Daniel},
  title        = {FastVentricle: Cardiac Segmentation with ENet},
  booktitle    = {International Conference on Functional Imaging and Modeling of the Heart},
  year         = {2017},
  pages        = {127--138},
  organization = {Springer},
}

@InProceedings{Chen2016b,
  author    = {Chen, Jianxu and Yang, Lin and Zhang, Yizhe and Alber, Mark and Chen, Danny Z},
  title     = {Combining fully convolutional and recurrent neural networks for 3d biomedical image segmentation},
  booktitle = {Advances in Neural Information Processing Systems},
  year      = {2016},
  pages     = {3036--3044},
}

@InProceedings{Ourselin,
  author       = {Ourselin, S and Wells, WS and Sabuncu, MR and Unal, G and Joskowicz, L},
  title        = {3D U-Net: Learning Dense Volumetric Segmentation from Sparse Annotation},
  booktitle    = {Medical Image Computing and Computer-Assisted Intervention (MICCAI)},
  volume       = {9901},
  pages        = {424--432},
  organization = {Springer},
}

@InProceedings{He2016,
  author    = {He, Kaiming and Zhang, Xiangyu and Ren, Shaoqing and Sun, Jian},
  title     = {Deep residual learning for image recognition},
  booktitle = {Proceedings of the IEEE conference on computer vision and pattern recognition},
  year      = {2016},
  pages     = {770--778},
}

@Article{Badrinarayanan2015,
  author  = {Badrinarayanan, Vijay and Handa, Ankur and Cipolla, Roberto},
  title   = {Segnet: A deep convolutional encoder-decoder architecture for robust semantic pixel-wise labelling},
  journal = {arXiv preprint arXiv:1505.07293},
  year    = {2015},
}

@InProceedings{Noh2015,
  author        = {Noh, Hyeonwoo and Hong, Seunghoon and Han, Bohyung},
  title         = {Learning deconvolution network for semantic segmentation},
  booktitle     = {Proceedings of the IEEE International Conference on Computer Vision},
  year          = {2015},
  pages         = {1520--1528},
  __markedentry = {[Administrator:]},
}

@InProceedings{Pinheiro2014,
  author        = {Pinheiro, Pedro and Collobert, Ronan},
  title         = {Recurrent convolutional neural networks for scene labeling},
  booktitle     = {International Conference on Machine Learning},
  year          = {2014},
  pages         = {82--90},
  __markedentry = {[Administrator:6]},
}

@Comment{jabref-meta: databaseType:bibtex;}
